@ARTICLE{vsop87,
   author = {Bretagnon, P.; Francou, G.},
    title = "{Planetary theories in rectangular and spherical variables - VSOP 87 solutions}",
  journal = {Astronomy \&\ Astrophysics},
     year = 1988,
    month = aug,
   volume = 202,
    pages = {309-315},
     url  = {http://adsabs.harvard.edu/abs/1988A&A...202..309B},
     note = {Provided by the SAO/NASA Astrophysics Data System, accessed Novembre 2013}
}

@misc{IEEE754,
   author = {Microprocessor Standards Subcommittee},
    title = "{IEEE Standard for Floating-Point Arithmetic. IEEE Std. 754-2008}",
     year = 2008,
    month = aug,
}

@misc{C99,
   author = {ISO/IEC},
    title = "{Rationale for International Standard — Programming Languages — C}",
     year = 2003,
      url = {http://www.open-std.org/JTC1/SC22/WG14/www/C99RationaleV5.10.pdf},
     note = "[accessed 11/17/2013]",
}

@misc{Intel,
   author = {Intel Corporation},
    title = "{Intel 64 and IA-32 Architectures Software Developer's Manual}",
     year = 2013,
      url = {http://www.intel.com/content/www/us/en/processors/architectures-software-developer-manuals.html},
}

@misc{ACSL,
   author = {CEA LIST and INRI},
    title = "{ACSL: ANSI/ISO C Specification Language}",
     year = 2013,
      url = {http://frama-c.com/download/acsl.pdf},
}

@misc{VIM,
   author = {Joint Committee for Guides in Metrology},
    title = "{International vocabulary of metrology (VIM)}",
     year = 2012,
      url = {http://www.bipm.org/utils/common/documents/jcgm/JCGM_200_2012.pdf},
}

@misc{CCASA,
   author = {Creative Commons Corporation},
    title = "{Creative Commons Attribution-ShareAlike 3.0 Unported License}",
      url = {http://creativecommons.org/licenses/by-sa/3.0/legalcode},
}

@book{Higham,
   author = {Higham Nicolas},
    title = "{Accuracy and Stability of Numerical Algorithms}",
    year  = 2002,
publisher = {Society of Industrial and Applied Mathematics},
}

@article{Goldberg,
   author = {Higham Nicolas},
    title = "{What Every Scientist Should Know About Floating Point Arithmetic}",
    year  = 1991,
  journal = {ACM ComputingSurveys},
   volume = 23,
   editor = {Society of Industrial and Applied Mathematics},
}

@misc{Langlois,
   author = {Langlois Philippe and Parello David and Goosens Bernard and Porada Kathy},
    title = "{Less Hazardous and More Scientific Research for Summation Algorithm Computing Times}",
    year  = 2012,
      url = {http://hal.archives-ouvertes.fr/docs/00/73/76/17/PDF/hal-scico12.pdf},
}
